<record><leader>00000nas a2200000 i 4500</leader><controlfield tag="001">951424957</controlfield><controlfield tag="006">m     o  d        </controlfield><controlfield tag="007">cr |||||||||||</controlfield><controlfield tag="008">160608d18521905scucr neo     0   a0eng  </controlfield><datafield ind1=" " ind2=" " tag="010"><subfield code="a">  2016271107</subfield></datafield><datafield ind1=" " ind2=" " tag="040"><subfield code="a">DLC</subfield><subfield code="b">eng</subfield><subfield code="e">rda</subfield><subfield code="c">DLC</subfield></datafield><datafield ind1="0" ind2=" " tag="022"><subfield code="a">2472-9035</subfield><subfield code="2">1</subfield></datafield><datafield ind1=" " ind2=" " tag="042"><subfield code="a">pcc</subfield><subfield code="a">nsdp</subfield></datafield><datafield ind1=" " ind2=" " tag="043"><subfield code="a">n-us-sc</subfield></datafield><datafield ind1="1" ind2="0" tag="050"><subfield code="a">ISSN RECORD</subfield></datafield><datafield ind1="1" ind2="0" tag="082"><subfield code="a">071</subfield><subfield code="2">23</subfield></datafield><datafield ind1=" " ind2="4" tag="222"><subfield code="a">The Lancaster ledger</subfield><subfield code="b">(Online)</subfield></datafield><datafield ind1="0" ind2="4" tag="245"><subfield code="a">The Lancaster ledger.</subfield></datafield><datafield ind1=" " ind2="1" tag="264"><subfield code="a">Lancaster, C. H. South Carolina :</subfield><subfield code="b">R.S. Bailey,</subfield><subfield code="c">1852-1905.</subfield></datafield><datafield ind1=" " ind2=" " tag="300"><subfield code="a">1 online resource</subfield></datafield><datafield ind1=" " ind2=" " tag="310"><subfield code="a">Semiweekly,</subfield><subfield code="b">&lt;Apr. 19, 1893&gt;-Sept. 30, 1905</subfield></datafield><datafield ind1=" " ind2=" " tag="321"><subfield code="a">Weekly,</subfield><subfield code="b">Feb. 12, 1852-&lt;Aug. 20, 1890&gt;</subfield></datafield><datafield ind1=" " ind2=" " tag="336"><subfield code="a">text</subfield><subfield code="b">txt</subfield><subfield code="2">rdacontent</subfield></datafield><datafield ind1=" " ind2=" " tag="337"><subfield code="a">computer</subfield><subfield code="b">c</subfield><subfield code="2">rdamedia</subfield></datafield><datafield ind1=" " ind2=" " tag="338"><subfield code="a">online resource</subfield><subfield code="b">cr</subfield><subfield code="2">rdacarrier</subfield></datafield><datafield ind1="1" ind2=" " tag="362"><subfield code="a">Began with volume I, number 1 (February 12, 1852); ceased September, 30, 1905.</subfield></datafield><datafield ind1=" " ind2=" " tag="500"><subfield code="a">Publishers: R.S. Bailey, 1852-&lt;1854&gt;; W.M. Connors, &lt;1862&gt;; David J. Carter, &lt;1873-1876&gt;; Thurlow S. Carter, &lt;January 7&gt;-September 30, 1905.</subfield></datafield><datafield ind1=" " ind2=" " tag="500"><subfield code="a">Editors: R.S. Bailey, 1852-&lt;1854&gt;; David J. Carter, &lt;1876&gt;.</subfield></datafield><datafield ind1=" " ind2=" " tag="580"><subfield code="a">Merged with: Lancaster enterprise, and: Lancaster review, to form: Lancaster news.</subfield></datafield><datafield ind1=" " ind2=" " tag="588"><subfield code="a">Description based on: Volume I, number 1 (February 12, 1852); title from masthead (Chroniclingamerica.loc.gov, viewed June 8, 2016).</subfield></datafield><datafield ind1=" " ind2=" " tag="588"><subfield code="a">Latest issue consulted: September, 30, 1905 (Chroniclingamerica.loc.gov, viewed June 8, 2016).</subfield></datafield><datafield ind1=" " ind2="0" tag="651"><subfield code="a">Lancaster (S.C.)</subfield><subfield code="v">Newspapers.</subfield></datafield><datafield ind1=" " ind2="0" tag="651"><subfield code="a">Lancaster County (S.C.)</subfield><subfield code="v">Newspapers.</subfield></datafield><datafield ind1=" " ind2="7" tag="651"><subfield code="a">South Carolina</subfield><subfield code="z">Lancaster.</subfield><subfield code="2">fast</subfield><subfield code="0">(OCoLC)fst01209940</subfield></datafield><datafield ind1=" " ind2="7" tag="651"><subfield code="a">South Carolina</subfield><subfield code="z">Lancaster County.</subfield><subfield code="2">fast</subfield><subfield code="0">(OCoLC)fst01216516</subfield></datafield><datafield ind1=" " ind2="7" tag="655"><subfield code="a">Newspapers.</subfield><subfield code="2">fast</subfield><subfield code="0">(OCoLC)fst01423814</subfield></datafield><datafield ind1=" " ind2=" " tag="752"><subfield code="a">United States</subfield><subfield code="b">South Carolina</subfield><subfield code="c">Lancaster</subfield><subfield code="d">Lancaster.</subfield></datafield><datafield ind1="0" ind2="8" tag="776"><subfield code="i">Originally issued in print:</subfield><subfield code="t">Lancaster ledger</subfield><subfield code="x">2472-9027</subfield><subfield code="w">(DLC)sn 84026900</subfield><subfield code="w">(OCoLC)10735093</subfield></datafield><datafield ind1="1" ind2="7" tag="785"><subfield code="t">Lancaster enterprise (Lancaster, S.C.)</subfield></datafield><datafield ind1="1" ind2="7" tag="785"><subfield code="t">Lancaster review</subfield></datafield><datafield ind1="1" ind2="7" tag="785"><subfield code="t">Lancaster news</subfield></datafield><datafield ind1="4" ind2="0" tag="856"><subfield code="u">http://chroniclingamerica.loc.gov/lccn/sn84026900/issues/</subfield></datafield></record>